@ARTICLE{2006MNRAS.367.1209L,
   author = {{Liesenborgs}, J. and {De Rijcke}, S. and {Dejonghe}, H.},
    title = "{A genetic algorithm for the non-parametric inversion of strong lensing systems}",
  journal = {\mnras},
   eprint = {arXiv:astro-ph/0601124},
 keywords = {gravitational lensing, methods: data analysis, galaxies: clusters: general, dark matter},
     year = 2006,
    month = apr,
   volume = 367,
    pages = {1209-1216},
      doi = {10.1111/j.1365-2966.2006.10040.x},
   adsurl = {http://adsabs.harvard.edu/abs/2006MNRAS.367.1209L},
  adsnote = {Provided by the SAO/NASA Astrophysics Data System}
}


@ARTICLE{2007MNRAS.380.1729L,
   author = {{Liesenborgs}, J. and {de Rijcke}, S. and {Dejonghe}, H. and 
             {Bekaert}, P.},
    title = "{Non-parametric inversion of gravitational lensing systems with few images using a multi-objective genetic algorithm}",
  journal = {\mnras},
archivePrefix = "arXiv",
   eprint = {0707.2538},
 keywords = {gravitational lensing, methods: data analysis, galaxies: clusters: general, dark matter},
     year = 2007,
    month = oct,
   volume = 380,
    pages = {1729-1736},
      doi = {10.1111/j.1365-2966.2007.12236.x},
   adsurl = {http://adsabs.harvard.edu/abs/2007MNRAS.380.1729L},
  adsnote = {Provided by the SAO/NASA Astrophysics Data System}
}

@ARTICLE{2011MNRAS.415..448W,
   author = {{Williams}, L.~L.~R. and {Saha}, P.},
    title = "{Light/mass offsets in the lensing cluster Abell 3827: evidence for collisional dark matter?}",
  journal = {\mnras},
archivePrefix = "arXiv",
   eprint = {1102.3943},
 primaryClass = "astro-ph.CO",
 keywords = {astroparticle physics, gravitational lensing: strong, galaxies: clusters: individual: Abell 3827, dark matter},
     year = 2011,
    month = jul,
   volume = 415,
    pages = {448-460},
      doi = {10.1111/j.1365-2966.2011.18716.x},
   adsurl = {http://adsabs.harvard.edu/abs/2011MNRAS.415..448W},
  adsnote = {Provided by the SAO/NASA Astrophysics Data System}
}

@ARTICLE{2007ApJ...663...29S,
   author = {{Saha}, P. and {Williams}, L.~L.~R. and {Ferreras}, I.},
    title = "{Meso-Structure in Three Strong-lensing Systems}",
  journal = {\apj},
   eprint = {arXiv:astro-ph/0703477},
 keywords = {galaxies: clusters: individual (ACO 1689), galaxies: clusters: individual (J1004+411), Cosmology: Gravitational Lensing},
     year = 2007,
    month = jul,
   volume = 663,
    pages = {29-37},
      doi = {10.1086/518083},
   adsurl = {http://adsabs.harvard.edu/abs/2007ApJ...663...29S},
  adsnote = {Provided by the SAO/NASA Astrophysics Data System}
}

@ARTICLE{1998AJ....116.1541A,
   author = {{Abdelsalam}, H.~M. and {Saha}, P. and {Williams}, L.~L.~R.},
    title = "{Nonparametric Reconstruction of Abell 2218 from Combined Weak and Strong Lensing}",
  journal = {\aj},
   eprint = {arXiv:astro-ph/9806244},
 keywords = {COSMOLOGY: DARK MATTER, GALAXIES: CLUSTERS: INDIVIDUAL: NAME: ABELL 2218, COSMOLOGY: GRAVITATIONAL LENSING, X-RAYS},
     year = 1998,
    month = oct,
   volume = 116,
    pages = {1541-1552},
      doi = {10.1086/300546},
   adsurl = {http://adsabs.harvard.edu/abs/1998AJ....116.1541A},
  adsnote = {Provided by the SAO/NASA Astrophysics Data System}
}


@ARTICLE{1992A&A...266....6P,
   author = {{Pello}, R. and {Le Borgne}, J.~F. and {Sanahuja}, B. and {Mathez}, G. and {Fort}, B.},
    title = "{The system of arcs in the cluster of galaxies Abell 2218 - Photometry, spectroscopy and geometry}",
  journal = {\aap},
 keywords = {ASTRONOMICAL PHOTOMETRY, ASTRONOMICAL SPECTROSCOPY, GALACTIC CLUSTERS, GRAVITATIONAL LENSES, ASTRONOMICAL MODELS, COLOR-MAGNITUDE DIAGRAM, EMISSION SPECTRA, GALACTIC STRUCTURE, RED SHIFT},
     year = 1992,
    month = dec,
   volume = 266,
    pages = {6-14},
   adsurl = {http://adsabs.harvard.edu/abs/1992A\%26A...266....6P},
  adsnote = {Provided by the SAO/NASA Astrophysics Data System}
}

@ARTICLE{2002A&A...382...60D,
   author = {{Duc}, P.-A. and {Poggianti}, B.~M. and {Fadda}, D. and {Elbaz}, D. and {Cesarsky}, C.},
    title = "{Hidden star-formation in the cluster of galaxies Abell 1689}",
  journal = {\aap},
   eprint = {arXiv:astro-ph/0112249},
 keywords = {GALAXIES: CLUSTERS: INDIVIDUAL: ABELL 1689, GALAXIES: EVOLUTION, INFRARED: GALAXIES},
     year = 2002,
    month = jan,
   volume = 382,
    pages = {60-83},
      doi = {10.1051/0004-6361:20011754},
   adsurl = {http://adsabs.harvard.edu/abs/2002A\%26A...382...60D},
  adsnote = {Provided by the SAO/NASA Astrophysics Data System}
}

@ARTICLE{2010ApJ...715L.160C,
   author = {{Carrasco}, E.~R. and {Gomez}, P.~L. and {Verdugo}, T. and {Lee}, H. and {Diaz}, R. and {Bergmann}, M. and {Turner}, J.~E.~H. and {Miller}, B.~W. and {West}, M.~J.},
    title = "{Strong Gravitational Lensing by the Super-massive cD Galaxy in Abell 3827}",
  journal = {\apjl},
archivePrefix = "arXiv",
   eprint = {1004.5410},
 primaryClass = "astro-ph.CO",
 keywords = {galaxies: clusters: individual: Abell 3827, galaxies: elliptical and lenticular, cD, galaxies: evolution, galaxies: formation, gravitational lensing: strong},
     year = 2010,
    month = jun,
   volume = 715,
    pages = {L160-L164},
      doi = {10.1088/2041-8205/715/2/L160},
   adsurl = {http://adsabs.harvard.edu/abs/2010ApJ...715L.160C},
  adsnote = {Provided by the SAO/NASA Astrophysics Data System}
}

@ARTICLE{2011MNRAS.413.1753Z,
   author = {{Zitrin}, A. and {Broadhurst}, T. and {Coe}, D. and {Liesenborgs}, J. and 
	{Ben{\'{\i}}tez}, N. and {Rephaeli}, Y. and {Ford}, H. and {Umetsu}, K.
	},
    title = "{Strong-lensing analysis of MS 1358.4+6245: New multiple images and implications for the well-resolved z= 4.92 galaxy}",
  journal = {\mnras},
archivePrefix = "arXiv",
   eprint = {1009.3936},
 primaryClass = "astro-ph.CO",
 keywords = {gravitational lensing: strong, galaxies: clusters: general, galaxies: clusters: individual: MS 1358.4+6245, galaxies: high-redshift, dark matter},
     year = 2011,
    month = may,
   volume = 413,
    pages = {1753-1763},
      doi = {10.1111/j.1365-2966.2011.18252.x},
   adsurl = {http://adsabs.harvard.edu/abs/2011MNRAS.413.1753Z},
  adsnote = {Provided by the SAO/NASA Astrophysics Data System}
}

@ARTICLE{2010ApJ...723.1678C,
   author = {{Coe}, D. and {Ben{\'{\i}}tez}, N. and {Broadhurst}, T. and 
	{Moustakas}, L.~A.},
    title = "{A High-resolution Mass Map of Galaxy Cluster Substructure: LensPerfect Analysis of A1689}",
  journal = {\apj},
archivePrefix = "arXiv",
   eprint = {1005.0398},
 primaryClass = "astro-ph.CO",
 keywords = {dark matter, galaxies: clusters: general, galaxies: clusters: individual: A1689, gravitational lensing: strong, gravitational lensing: weak, methods: data analysis},
     year = 2010,
    month = nov,
   volume = 723,
    pages = {1678-1702},
      doi = {10.1088/0004-637X/723/2/1678},
   adsurl = {http://adsabs.harvard.edu/abs/2010ApJ...723.1678C},
  adsnote = {Provided by the SAO/NASA Astrophysics Data System}
}

@ARTICLE{2008ApJ...681..814C,
   author = {{Coe}, D. and {Fuselier}, E. and {Ben{\'{\i}}tez}, N. and {Broadhurst}, T. and 
	{Frye}, B. and {Ford}, H.},
    title = "{LensPerfect: Gravitational Lens Mass Map Reconstructions Yielding Exact Reproduction of All Multiple Images}",
  journal = {\apj},
archivePrefix = "arXiv",
   eprint = {0803.1199},
 keywords = {Cosmology: Dark Matter, Galaxies: Clusters: General, Cosmology: Gravitational Lensing, Methods: Data Analysis},
     year = 2008,
    month = jul,
   volume = 681,
    pages = {814-830},
      doi = {10.1086/588250},
   adsurl = {http://adsabs.harvard.edu/abs/2008ApJ...681..814C},
  adsnote = {Provided by the SAO/NASA Astrophysics Data System}
}

@ARTICLE{2006ApJ...652L...5S,
   author = {{Saha}, P. and {Read}, J.~I. and {Williams}, L.~L.~R.},
    title = "{Two Strong-Lensing Clusters Confront Universal Dark Matter Profiles}",
  journal = {\apjl},
   eprint = {arXiv:astro-ph/0610011},
 keywords = {Cosmology: Dark Matter, galaxies: clusters: individual (ACO 1689), galaxies: clusters: individual (SDSS J1004+411), Cosmology: Gravitational Lensing},
     year = 2006,
    month = nov,
   volume = 652,
    pages = {L5-L8},
      doi = {10.1086/509782},
   adsurl = {http://adsabs.harvard.edu/abs/2006ApJ...652L...5S},
  adsnote = {Provided by the SAO/NASA Astrophysics Data System}
}

@ARTICLE{1995ApJS..101..309C,
   author = {{Charbonneau}, P.},
    title = "{Genetic Algorithms in Astronomy and Astrophysics}",
  journal = {\apjs},
 keywords = {GALAXIES: KINEMATICS AND DYNAMICS, METHODS: NUMERICAL, STARS: MASS LOSS, STARS: OSCILLATIONS},
     year = 1995,
    month = dec,
   volume = 101,
    pages = {309},
      doi = {10.1086/192242},
   adsurl = {http://adsabs.harvard.edu/abs/1995ApJS..101..309C},
  adsnote = {Provided by the SAO/NASA Astrophysics Data System}
}

@ARTICLE{2012MNRAS.426.2944Z,
   author = {{Zitrin}, A. and {Bartelmann}, M. and {Umetsu}, K. and {Oguri}, M. and {Broadhurst}, T.},
    title = "{Miscentring in galaxy clusters: dark matter to brightest cluster galaxy offsets in 10 000 Sloan Digital Sky Survey clusters}",
  journal = {\mnras},
archivePrefix = "arXiv",
   eprint = {1208.1766},
 primaryClass = "astro-ph.CO",
 keywords = {gravitational lensing: strong, gravitational lensing: weak, galaxies: clusters: general, galaxies: luminosity function, mass function, cosmology: observations, dark matter},
     year = 2012,
    month = nov,
   volume = 426,
    pages = {2944-2956},
      doi = {10.1111/j.1365-2966.2012.21886.x},
   adsurl = {http://adsabs.harvard.edu/abs/2012MNRAS.426.2944Z},
  adsnote = {Provided by the SAO/NASA Astrophysics Data System}
}

@ARTICLE{2004MNRAS.352..535D,
   author = {{Diemand}, J. and {Moore}, B. and {Stadel}, J.},
    title = "{Velocity and spatial biases in cold dark matter subhalo distributions}",
  journal = {\mnras},
   eprint = {arXiv:astro-ph/0402160},
 keywords = {methods: N-body simulations, methods: numerical, galaxies: clusters: general, galaxies: haloes, dark matter},
     year = 2004,
    month = aug,
   volume = 352,
    pages = {535-546},
      doi = {10.1111/j.1365-2966.2004.07940.x},
   adsurl = {http://adsabs.harvard.edu/abs/2004MNRAS.352..535D},
  adsnote = {Provided by the SAO/NASA Astrophysics Data System}
}


@ARTICLE{2005ApJ...621...53B,
   author = {{Broadhurst}, T. and {Ben{\'{\i}}tez}, N. and {Coe}, D. and 
	{Sharon}, K. and {Zekser}, K. and {White}, R. and {Ford}, H. and 
	{Bouwens}, R. and {Blakeslee}, J. and {Clampin}, M. and {Cross}, N. and 
	{Franx}, M. and {Frye}, B. and {Hartig}, G. and {Illingworth}, G. and 
	{Infante}, L. and {Menanteau}, F. and {Meurer}, G. and {Postman}, M. and 
	{Ardila}, D.~R. and {Bartko}, F. and {Brown}, R.~A. and {Burrows}, C.~J. and 
	{Cheng}, E.~S. and {Feldman}, P.~D. and {Golimowski}, D.~A. and 
	{Goto}, T. and {Gronwall}, C. and {Herranz}, D. and {Holden}, B. and 
	{Homeier}, N. and {Krist}, J.~E. and {Lesser}, M.~P. and {Martel}, A.~R. and 
	{Miley}, G.~K. and {Rosati}, P. and {Sirianni}, M. and {Sparks}, W.~B. and 
	{Steindling}, S. and {Tran}, H.~D. and {Tsvetanov}, Z.~I. and 
	{Zheng}, W.},
    title = "{Strong-Lensing Analysis of A1689 from Deep Advanced Camera Images}",
  journal = {\apj},
   eprint = {arXiv:astro-ph/0409132},
 keywords = {Cosmology: Cosmological Parameters, galaxies: clusters: individual (A1683), Cosmology: Gravitational Lensing},
     year = 2005,
    month = mar,
   volume = 621,
    pages = {53-88},
      doi = {10.1086/426494},
   adsurl = {http://adsabs.harvard.edu/abs/2005ApJ...621...53B},
  adsnote = {Provided by the SAO/NASA Astrophysics Data System}
}


@ARTICLE{2010A&A...518L..17A,
   author = {{Altieri}, B. and {Berta}, S. and {Lutz}, D. and {Kneib}, J.-P. and 
	{Metcalfe}, L. and {Andreani}, P. and {Aussel}, H. and {Bongiovanni}, A. and 
	{Cava}, A. and {Cepa}, J. and {Ciesla}, L. and {Cimatti}, A. and 
	{Daddi}, E. and {Dominguez}, H. and {Elbaz}, D. and {F{\"o}rster Schreiber}, N.~M. and 
	{Genzel}, R. and {Gruppioni}, C. and {Magnelli}, B. and {Magdis}, G. and 
	{Maiolino}, R. and {Nordon}, R. and {P{\'e}rez Garc{\'{\i}}a}, A.~M. and 
	{Poglitsch}, A. and {Popesso}, P. and {Pozzi}, F. and {Richard}, J. and 
	{Riguccini}, L. and {Rodighiero}, G. and {Saintonge}, A. and 
	{Santini}, P. and {Sanchez-Portal}, M. and {Shao}, L. and {Sturm}, E. and 
	{Tacconi}, L.~J. and {Valtchanov}, I. and {Wetzstein}, M. and 
	{Wieprecht}, E.},
    title = "{Herschel deep far-infrared counts through Abell 2218 cluster-lens}",
  journal = {\aap},
archivePrefix = "arXiv",
   eprint = {1005.1575},
 primaryClass = "astro-ph.CO",
 keywords = {surveys, infrared: galaxies, Galaxy: evolution, galaxies: high-redshift, gravitational lensing: strong, galaxies: clusters: general},
     year = 2010,
    month = jul,
   volume = 518,
      eid = {L17},
    pages = {L17},
      doi = {10.1051/0004-6361/201014634},
   adsurl = {http://adsabs.harvard.edu/abs/2010A%26A...518L..17A},
  adsnote = {Provided by the SAO/NASA Astrophysics Data System}
}

@ARTICLE{2010ApJ...716L..45H,
   author = {{Hopwood}, R. and {Serjeant}, S. and {Negrello}, M. and {Pearson}, C. and 
	{Egami}, E. and {Im}, M. and {Kneib}, J.-P. and {Ko}, J. and 
	{Lee}, H.~M. and {Lee}, M.~G. and {Matsuhara}, H. and {Nakagawa}, T. and 
	{Smail}, I. and {Takagi}, T.},
    title = "{Ultra Deep Akari Observations of Abell 2218: Resolving the 15 {$\mu$}m Extragalactic Background Light}",
  journal = {\apjl},
archivePrefix = "arXiv",
   eprint = {1005.1069},
 primaryClass = "astro-ph.CO",
 keywords = {galaxies: clusters: individual: Abell 2218, galaxies: evolution, infrared: galaxies},
     year = 2010,
    month = jun,
   volume = 716,
    pages = {L45-L50},
      doi = {10.1088/2041-8205/716/1/L45},
   adsurl = {http://adsabs.harvard.edu/abs/2010ApJ...716L..45H},
  adsnote = {Provided by the SAO/NASA Astrophysics Data System}
}

@ARTICLE{2010ApJ...709..210K,
   author = {{Knudsen}, K.~K. and {Kneib}, J.-P. and {Richard}, J. and {Petitpas}, G. and 
	{Egami}, E.},
    title = "{Physical Properties and Morphology of a Newly Identified Compact z = 4.04 Lensed Submillimeter Galaxy in Abell 2218}",
  journal = {\apj},
archivePrefix = "arXiv",
   eprint = {0911.2004},
 primaryClass = "astro-ph.CO",
 keywords = {galaxies: high-redshift, galaxies: individual: SMM J163556+661300, submillimeter: galaxies},
     year = 2010,
    month = jan,
   volume = 709,
    pages = {210-217},
      doi = {10.1088/0004-637X/709/1/210},
   adsurl = {http://adsabs.harvard.edu/abs/2010ApJ...709..210K},
  adsnote = {Provided by the SAO/NASA Astrophysics Data System}
}


@ARTICLE{2008MNRAS.389..415L,
   author = {{Liesenborgs}, J. and {de Rijcke}, S. and {Dejonghe}, H. and 
	{Bekaert}, P.},
    title = "{Non-parametric strong lens inversion of Cl 0024+1654: illustrating the monopole degeneracy}",
  journal = {\mnras},
archivePrefix = "arXiv",
   eprint = {0806.2609},
 keywords = {gravitational lensing , methods: data analysis , galaxies: clusters: individual: Cl 0024+1654 , dark matter},
     year = 2008,
    month = sep,
   volume = 389,
    pages = {415-422},
      doi = {10.1111/j.1365-2966.2008.13586.x},
   adsurl = {http://adsabs.harvard.edu/abs/2008MNRAS.389..415L},
  adsnote = {Provided by the SAO/NASA Astrophysics Data System}
}

@ARTICLE{2009MNRAS.397..341L,
   author = {{Liesenborgs}, J. and {de Rijcke}, S. and {Dejonghe}, H. and 
	{Bekaert}, P.},
    title = "{Non-parametric strong lens inversion of SDSS J1004+4112}",
  journal = {\mnras},
archivePrefix = "arXiv",
   eprint = {0904.2382},
 primaryClass = "astro-ph.CO",
 keywords = {gravitational lensing , methods: data analysis , galaxies: clusters: individual: SDSS J1004+4112 , dark matter},
     year = 2009,
    month = jul,
   volume = 397,
    pages = {341-349},
      doi = {10.1111/j.1365-2966.2009.14912.x},
   adsurl = {http://adsabs.harvard.edu/abs/2009MNRAS.397..341L},
  adsnote = {Provided by the SAO/NASA Astrophysics Data System}
}

@ARTICLE{2010MNRAS.408.1916Z,
   author = {{Zitrin}, A. and {Broadhurst}, T. and {Umetsu}, K. and {Rephaeli}, Y. and 
	{Medezinski}, E. and {Bradley}, L. and {Jim{\'e}nez-Teja}, Y. and 
	{Ben{\'{\i}}tez}, N. and {Ford}, H. and {Liesenborgs}, J. and 
	{de Rijcke}, S. and {Dejonghe}, H. and {Bekaert}, P.},
    title = "{Full lensing analysis of Abell 1703: comparison of independent lens-modelling techniques}",
  journal = {\mnras},
archivePrefix = "arXiv",
   eprint = {1004.4660},
 primaryClass = "astro-ph.CO",
 keywords = {gravitational lensing: strong, galaxies: clusters: general, galaxies: clusters: individual: Abell 1703, galaxies: elliptical and lenticular, cD, galaxies: formation, dark matter},
     year = 2010,
    month = nov,
   volume = 408,
    pages = {1916-1927},
      doi = {10.1111/j.1365-2966.2010.17258.x},
   adsurl = {http://adsabs.harvard.edu/abs/2010MNRAS.408.1916Z},
  adsnote = {Provided by the SAO/NASA Astrophysics Data System}
}

@ARTICLE{2013ApJ...772...47S,
   author = {{Saro}, A. and {Mohr}, J.~J. and {Bazin}, G. and {Dolag}, K.
	},
    title = "{Toward Unbiased Galaxy Cluster Masses from Line-of-sight Velocity Dispersions}",
  journal = {\apj},
archivePrefix = "arXiv",
   eprint = {1203.5708},
 primaryClass = "astro-ph.CO",
 keywords = {cosmology: theory, galaxies: clusters: general, galaxies: kinematics and dynamics, large-scale structure of universe, methods: numerical, methods: statistical },
     year = 2013,
    month = jul,
   volume = 772,
      eid = {47},
    pages = {47},
      doi = {10.1088/0004-637X/772/1/47},
   adsurl = {http://adsabs.harvard.edu/abs/2013ApJ...772...47S},
  adsnote = {Provided by the SAO/NASA Astrophysics Data System}
}

@ARTICLE{2009ApJ...692.1033V,
   author = {{Vikhlinin}, A. and {Burenin}, R.~A. and {Ebeling}, H. and {Forman}, W.~R. and 
	{Hornstrup}, A. and {Jones}, C. and {Kravtsov}, A.~V. and {Murray}, S.~S. and 
	{Nagai}, D. and {Quintana}, H. and {Voevodkin}, A.},
    title = "{Chandra Cluster Cosmology Project. II. Samples and X-Ray Data Reduction}",
  journal = {\apj},
archivePrefix = "arXiv",
   eprint = {0805.2207},
 keywords = {catalogs, galaxies: clusters: general, surveys, X-rays: galaxies},
     year = 2009,
    month = feb,
   volume = 692,
    pages = {1033-1059},
      doi = {10.1088/0004-637X/692/2/1033},
   adsurl = {http://adsabs.harvard.edu/abs/2009ApJ...692.1033V},
  adsnote = {Provided by the SAO/NASA Astrophysics Data System}
}

@ARTICLE{2013MNRAS.433.1202S,
   author = {{S{\'a}nchez}, A.~G. and {Kazin}, E.~A. and {Beutler}, F. and 
	{Chuang}, C.-H. and {Cuesta}, A.~J. and {Eisenstein}, D.~J. and 
	{Manera}, M. and {Montesano}, F. and {Nichol}, R.~C. and {Padmanabhan}, N. and 
	{Percival}, W. and {Prada}, F. and {Ross}, A.~J. and {Schlegel}, D.~J. and 
	{Tinker}, J. and {Tojeiro}, R. and {Weinberg}, D.~H. and {Xu}, X. and 
	{Brinkmann}, J. and {Brownstein}, J.~R. and {Schneider}, D.~P. and 
	{Thomas}, D.},
    title = "{The clustering of galaxies in the SDSS-III Baryon Oscillation Spectroscopic Survey: cosmological constraints from the full shape of the clustering wedges}",
  journal = {\mnras},
archivePrefix = "arXiv",
   eprint = {1303.4396},
 primaryClass = "astro-ph.CO",
 keywords = {cosmological parameters, large-scale structure of Universe},
     year = 2013,
    month = aug,
   volume = 433,
    pages = {1202-1222},
      doi = {10.1093/mnras/stt799},
   adsurl = {http://adsabs.harvard.edu/abs/2013MNRAS.433.1202S},
  adsnote = {Provided by the SAO/NASA Astrophysics Data System}
}




@ARTICLE{2013arXiv1303.5075P,
   author = {{Planck collaboration} and {Ade}, P.~A.~R. and {Aghanim}, N. and 
	{Armitage-Caplan}, C. and {Arnaud}, M. and {Ashdown}, M. and 
	{Atrio-Barandela}, F. and {Aumont}, J. and {Baccigalupi}, C. and 
	{Banday}, A.~J. and et al.},
    title = "{Planck 2013 results. XV. CMB power spectra and likelihood}",
  journal = {ArXiv e-prints},
archivePrefix = "arXiv",
   eprint = {1303.5075},
 primaryClass = "astro-ph.CO",
 keywords = {Astrophysics - Cosmology and Extragalactic Astrophysics},
     year = 2013,
    month = mar,
   adsurl = {http://adsabs.harvard.edu/abs/2013arXiv1303.5075P},
  adsnote = {Provided by the SAO/NASA Astrophysics Data System}
}
